<record><leader>00000cas a2200000 a 4500</leader><controlfield tag="001">36223980</controlfield><controlfield tag="008">970117d19731973miuwr n       0    0eng c</controlfield><datafield ind1=" " ind2=" " tag="010"><subfield code="a">sn 97063043 </subfield></datafield><datafield ind1=" " ind2=" " tag="040"><subfield code="a">MHN</subfield><subfield code="b">eng</subfield><subfield code="c">MHN</subfield><subfield code="d">OCL</subfield><subfield code="d">OCLCQ</subfield><subfield code="d">OCLCF</subfield><subfield code="d">OCLCO</subfield></datafield><datafield ind1="1" ind2=" " tag="029"><subfield code="a">AU@</subfield><subfield code="b">000013023821</subfield></datafield><datafield ind1=" " ind2=" " tag="042"><subfield code="a">pcc</subfield></datafield><datafield ind1=" " ind2=" " tag="043"><subfield code="a">n-us-mi</subfield></datafield><datafield ind1="0" ind2="4" tag="245"><subfield code="a">The Saginaw Valley weekly news.</subfield></datafield><datafield ind1=" " ind2=" " tag="260"><subfield code="a">St. Charles, Mich. :</subfield><subfield code="b">Saginaw Valley News Inc.</subfield></datafield><datafield ind1=" " ind2=" " tag="300"><subfield code="a">v.</subfield></datafield><datafield ind1=" " ind2=" " tag="310"><subfield code="a">Weekly</subfield></datafield><datafield ind1="0" ind2=" " tag="362"><subfield code="a">Issue 1 (Jan. 6, 1973)-issue 26 (June 30, 1973).</subfield></datafield><datafield ind1=" " ind2="0" tag="651"><subfield code="a">Chesaning (Mich.)</subfield><subfield code="v">Newspapers.</subfield></datafield><datafield ind1=" " ind2="0" tag="651"><subfield code="a">Saint Charles (Mich.)</subfield><subfield code="v">Newspapers.</subfield></datafield><datafield ind1=" " ind2="0" tag="651"><subfield code="a">Saginaw County (Mich.)</subfield><subfield code="v">Newspapers.</subfield></datafield><datafield ind1=" " ind2="7" tag="655"><subfield code="a">Newspapers.</subfield><subfield code="2">fast</subfield><subfield code="0">(OCoLC)fst01423814</subfield></datafield><datafield ind1=" " ind2="7" tag="651"><subfield code="a">Michigan</subfield><subfield code="z">Chesaning.</subfield><subfield code="2">fast</subfield><subfield code="0">(OCoLC)fst01219721</subfield></datafield><datafield ind1=" " ind2="7" tag="651"><subfield code="a">Michigan</subfield><subfield code="z">Saginaw County.</subfield><subfield code="2">fast</subfield><subfield code="0">(OCoLC)fst01202880</subfield></datafield><datafield ind1=" " ind2="7" tag="651"><subfield code="a">Michigan</subfield><subfield code="z">Saint Charles.</subfield><subfield code="2">fast</subfield><subfield code="0">(OCoLC)fst01233962</subfield></datafield><datafield ind1=" " ind2=" " tag="752"><subfield code="a">United States</subfield><subfield code="b">Michigan</subfield><subfield code="c">Saginaw</subfield><subfield code="d">Saint Charles.</subfield></datafield><datafield ind1="0" ind2="0" tag="780"><subfield code="t">St. Charles union</subfield><subfield code="w">(DLC)sn 97063042</subfield><subfield code="w">(OCoLC)36224178</subfield></datafield><datafield ind1="0" ind2="0" tag="785"><subfield code="t">Saginaw Valley news (Saint Charles, Mich.)</subfield><subfield code="w">(DLC)sn 97063044</subfield><subfield code="w">(OCoLC)36327991</subfield></datafield></record>